<?xml version="1.0" encoding="UTF-8"?><collection xmlns="http://www.loc.gov/MARC21/slim"><record><leader>00420nam--2200133-i-4500</leader><controlfield tag="001">000009343</controlfield><controlfield tag="002">20161230</controlfield><controlfield tag="005">20161230201028</controlfield><controlfield tag="008">060222s1000------------r-----000-0-eng-d</controlfield><datafield ind1=" " ind2=" " tag="080"><subfield code="a">669.018:539.2</subfield></datafield><datafield ind1=" " ind2=" " tag="245"><subfield code="a">Techniques of metals research. vol.2a: the stereographic projection and its applications. o.johari and g.thomas</subfield></datafield><datafield ind1=" " ind2=" " tag="260"><subfield code="a">New York, Interscience Publishers, 1968-1969</subfield></datafield><datafield ind1=" " ind2=" " tag="700"><subfield code="a">Bunshah, R. F</subfield></datafield><datafield ind1=" " ind2=" " tag="852"><subfield code="a">32569</subfield></datafield></record></collection>